2481 3508
960 138 423 72 PROLOGVS.

1870 159 119 70 Fo.I.

426 251 1550 144 PIOANNIS MAIORIS INR

592 409 1220 62 EXPOSITIONEM EVANGELIORVM PROIOGVS,

399 506 18 59 3

839 516 1150 58 IVVS Matthaeus evangelistarum primus; patria lingua hoc est he¬

843 563 1146 60 braica euangelium edidit, ut in praefatione evangeliorum sanctus testa¬

845 611 1144 63 tur Hieronymus: & vt inquit Eusebius Cæsariensis lib. v.capit.x. Per¬

847 660 1142 63 antenus Alexandrinus asserit se cuangelium Matthæi hebraicis literis

847 719 1142 58 exaratum apud Indos inuenisse. Vt vero testatur Aurelius Augusti

843 771 1146 51 nus libro primo de consensu Euangelistarum, omnes euangelistae erant

847 810 1142 65 synchroni. Ante enim passionem Domini Euangelii nihil literarum

849 867 1140 54 monumentis est mandatum. a morte autem Christi aliquandiu in Pa¬

855 910 1132 64 laestinae confinio discipuli Christi luculentam doctrinam ab ore Christi

861 968 1124 57 depromptam succose citra noui testameeti scripturam euangelisabant:

855 1015 1130 58 deinde paucis labentibus annis ad gentes se conuertebant, quibꝯ euan

436 1066 1549 60 gelicam sapientiam lac sparserunt:nam ante dispersionem dictũ erat eis a domino, vt vniuersum

436 1114 1549 65 per orbem euangelium regni cælorum disseminarent, vt Marci xvj est perspicuum, Diuisis autem

434 1163 1548 60 regnis ad quæ illis eundum erat, Æthiopia beato Matthęo in sortem obtigit ita in Meroe insu¬

434 1223 1550 49 la at circunuicinis regionibus concionabatur, sua dicta miraculorũ nitore & vite illibate san¬

391 1262 1593 65 20 ditudine augustiora fecit, Australem Æthiopiam ad Prassum barbarorum promontorium exten

430 1311 1552 61 dũt cosmographi, Æthiopia borealis siue supra Ægyptum ad aquilonẽ habet Ægyptum Marma

432 1364 1550 60 ricam ac Libyam Illic tradũt esse Christianos Æthiopes, quos Nubianos vocitãt. Ea plaga Æthio

432 1414 1552 67 piæ postea Nubia dicta fert. Vnde ꝗ̃ late Apostoli fundamẽta ecclesiæ circũtulere: calore em fidci

432 1463 1550 62 succensi vltimos secessus indiæ at Æthiopiæ petierunt munia eis a domino commissa gnauiter

391 1516 1593 72 2 obeuntes. Alerandrinus Ptolemæus asserit Æthiopiam ad meridiem & occasum incognitam ha

426 1568 1558 59 bere terram. Anteq̃ autem ludæam & patrios desereret Matthæus lares, euangelium scripto uradi

430 1629 1554 48 dit: vt se absente perenni scriptura docerentur anno octauo vt produnt post Christi ascensionem.

432 1664 1553 64 cõpleuerũt. Circa hũanitatẽ Christi Mattheus insudabat. Vñ & hũana depingit figura:exp̃sse de

428 1718 1554 63 Christi diuinitate pauca scripsit, Iactis autem fundamentis Ioannes eam celsitudinem nouissimꝯ

393 1767 1592 68 20 inter euangeliographos adiecit. digestibiliori siquidem ac faciliore alimento puelli q̃ adulti nutti

434 1816 1550 64 untur. Hac de materia Eusebius tertio libro ecclesiasticæ historiæ cap. xxiiij.sic ait. loannes a theo

438 1874 1547 57 logia at a diuinitate Christi sumit cxordium, quę pars sine dubio ipsi velut eximio per spiritum

440 1931 1547 49 sanctum reseruata est. Secundus Marcus discipulus & interpres Apostoli Petri & Alexandrinæ ec

440 1980 1547 48 clesiæ primus episcopus:qui dominũ saluatorem autore Hieronymo non vidit: sed ea quę a Petro

399 2019 1588 68 3 magistro suo accepit, posteris, Romæ exarata relinquit, magis fidem gestorum ꝗ̃ ordinem (vt

430 2067 1559 63 Hieronymus perhibet) seruauit qui biemio post Matthęum scripsit. Is potentiam Christi maxi¬

432 2118 1555 58 mopere propalare laborans circa sublimia miracula at resurrectionem eius fusius insistit: frugi¬

430 2176 1559 51 feram Christi doctrinam succinctius &teris explanat:eam ob rem leoni non inepte cõfertur & leo

432 2217 1534 65 nina effigie delineatur. Qui thorosum leonem regem quadrupedum ignorat, nihil non ignorat.

376 2274 1613 64 40 CLucas natione Antiochenus, professiõe quondam medicus reserare potissimum proponit Chri¬

432 2328 1557 53 stum fuisse saluatorem: Item clementissimum, vnde secundo capite, natus est nobis hodie saluator

432 2377 1553 57 in ciuitate Dauid. In agonia introducit lesum dicentem, pater dimitte illis, quia nesciunt quid fa

432 2430 1552 54 ciunt. Et iterum. Pater in manus tuas commendo spiritum meum. His dictis sane clementem ma

438 2471 1547 62 gistrum egit. Itentidem solus Lucas recitat quonam pacto a Christo sanguinei sudores acerbã ob

387 2523 1597 63 45 passionem altius comprehensam iniram terram decurrebant, nec mirum Spirituali enim me¬

436 2584 1546 48 dico maximopere congruebat circa aĩarum salutem insudare: quã ob rẽ vitulina figura depingi¬

430 2631 1554 50 tur:innorius em est vitulus at ad immolandum aptus. In Achaie Bithyniæ partibus sermone

434 2671 1548 67 greco euangelium scripsit: quo semmonc Marcum at Ioannem scripfisse non dubium est. Deni

432 2730 1552 53 altiloquus loannes zebedei filius æthereus nubes penetrans & humana transcendens, circa Chri¬

397 2773 1583 66 «sti diuinitatem luculentam operã nauat, pinde aquile volatilium regi loãnes cõparat, iuxta Eze¬

440 2827 1542 55 chielis imaginariã visionem iuxta quã etiãnti depingit. A diuinitate, vt antea dictũ est auspicat:

444 2876 1536 59 cũ ea in calœ vt ait grãdiloquus cõcludens, infit: hæc auĩt scripta sunt, vt credatis qm lesus Chri

442 2919 1538 66 est filius dei, & vt credẽtes vitã habeãt in noie cius, ¶Cc̨terũ de eodẽ subiecto quatuor hic totidẽ

403 771 10 43 4

1781 3373 280 99 Google

153 329 34 45 Ma¬

142 372 47 54 li

136 419 58 60 H

132 485 47 54 D

155 491 39 46 2

163 535 22 49 8

146 559 44 66 UE3

142 964 41 47 Etti

125 1730 62 100 --

128 1861 43 17 —

137 309 35 71 "
